
@article{vallor_introduction_nodate,
	title = {An {Introduction} to {Software} {Engineering} {Ethics}},
	language = {en},
	author = {Vallor, Shannon and Narayanan, Arvind},
	pages = {60},
	file = {Vallor and Narayanan - An Introduction to Software Engineering Ethics.pdf:/home/chava/Zotero/storage/W5HLUW9Z/Vallor and Narayanan - An Introduction to Software Engineering Ethics.pdf:application/pdf}
}

@misc{semanacom_andres_nodate,
	title = {Andrés {Sepúlveda} - {El} {Hacker}},
	url = {http://especiales.semana.com/andres-sepulveda-el-hacker/},
	abstract = {El escándalo del ‘hacker’ sigue creciendo. SEMANA explica los detalles de este caso de espionaje y contraespionaje que deja mal parados a muchos - Andrés Sepúlveda - El Hacker},
	language = {es\_CO},
	urldate = {2020-11-14},
	journal = {Andrés Sepúlveda - El Hacker},
	author = {Semana.com},
	file = {Snapshot:/home/chava/Zotero/storage/7RRVRFG4/andres-sepulveda-el-hacker.html:text/html}
}

@misc{noauthor_quien_2020,
	title = {¿{Quién} es el exfuncionario de la {Fiscalía} que acusa a Álvaro {Uribe} de nexos con el '{Chapo} {Guzmán}? - {Investigación} - {Justicia}},
	shorttitle = {¿{Quién} es el exfuncionario de la {Fiscalía} que acusa a Álvaro {Uribe} de nexos con el '{Chapo} {Guzmán}?},
	url = {https://noticiasneiva.co/2020/02/11/quien-es-el-exfuncionario-de-la-fiscalia-que-acusa-a-alvaro-uribe-de-nexos-con-el-chapo-guzman-investigacion-justicia/},
	abstract = {Richard Maok Riaño Botina es un exfuncionario del Cuerpo Técnico de Investigaciones, CTI, de la Fiscalía, y en el perfil de su cuenta de Twitter,…},
	language = {es},
	urldate = {2020-11-14},
	journal = {noticiasneiva},
	month = feb,
	year = {2020},
	note = {Section: PERSONAS},
	file = {Snapshot:/home/chava/Zotero/storage/YN7DDIVC/quien-es-el-exfuncionario-de-la-fiscalia-que-acusa-a-alvaro-uribe-de-nexos-con-el-chapo-guzman-.html:text/html}
}

@article{abbatemarco_redes_2016,
	title = {Las redes sociales como fuente de datos para un {Observatorio} {Regional} de {Ingeniería} en {Sistemas} de {Información} e {Informática}. {Oportunidades} y limitaciones técnicas, éticas y legales},
	copyright = {http://creativecommons.org/licenses/by-nc/4.0/},
	url = {http://ria.utn.edu.ar/xmlui/handle/20.500.12272/2802},
	abstract = {El presente trabajo pretende establecer la factibilidad de la recolección y el análisis sistematizado de datos que permita contar con información relacionada al desenvolvimiento en el mercado laboral de estudiantes y graduados de la carrera de Ingeniería en Sistemas de Información de la Universidad Tecnológica Nacional - Facultad Regional Rosario, para la futura construcción de un mapa interactivo que posibilite conocer su ubicación geográfica y el ámbito de ejercicio profesional. Se analizarán dos redes sociales específicas, Facebook y LinkedIn, destacando cuestiones técnicas de autenticación y autorización para el acceso a los datos y las características de las interfaces (APIs) que las mismas proveen para este fin. Por otro lado se discutirá acerca de las cuestiones éticas y legales que se derivan del uso masivo de datos. 
El análisis realizado nos permitirá establecer, finalmente, una serie de oportunidades, limitaciones y alternativas que tendremos en cuenta para el cumplimiento de los objetivos mencionados.},
	language = {spa},
	urldate = {2020-11-14},
	author = {Abbatemarco, Martín and Brizuela, Luisina and Cervino, Alejo and Riva, Fabiana María},
	month = nov,
	year = {2016},
	file = {Full Text PDF:/home/chava/Zotero/storage/NPBWWW24/Abbatemarco et al. - 2016 - Las redes sociales como fuente de datos para un Ob.pdf:application/pdf;Snapshot:/home/chava/Zotero/storage/AWYI2T8I/2802.html:text/html}
}

@article{mejia_formacion_2015,
	title = {{LA} {FORMACIÓN} É{TICA} {DEL} {ESTUDIANTE} {EN} {INGENIERÍA}},
	volume = {0},
	copyright = {Copyright (c) 2016 ANFEI Digital},
	issn = {123 - 12345},
	url = {https://www.anfei.mx/revista/index.php/revista/article/view/25},
	abstract = {Durante el año escolar 2013, se realizó un estudio en la comunidad de alumnos a distancia, en donde se planteó, bajo el esquema de un instrumento, valorar diversos problemas sobre la ética para ingenieros. Este mismo estudio se efectuó con los docentes del sistema. Arrojando como resultado, la necesidad de replantear, conocer, criticar y asimilar, los conocimientos que en materia de ética, corresponden a la relación del desarrollo profesional de los futuros ingenieros, con la experiencia laboral del entorno. Este estudio permitió plantear la forma como se enseña ética en el sistema a distancia, favoreciendo con ello, la manera de explicar conceptos, asimilar sus teorías, generar herramientas para la solución de conflictos y dilemas laborales, así como la confianza en la formación vocacional que implica la búsqueda de sentido a la vida.},
	language = {es},
	number = {2},
	urldate = {2020-11-14},
	journal = {ANFEI Digital},
	author = {Mejía, Luis Gabriel Mateo},
	month = nov,
	year = {2015},
	note = {Number: 2},
	file = {Full Text PDF:/home/chava/Zotero/storage/RT7ADRGY/Mejía - 2015 - LA FORMACIÓN ÉTICA DEL ESTUDIANTE EN INGENIERÍA.pdf:application/pdf;Snapshot:/home/chava/Zotero/storage/NI73YV58/25.html:text/html}
}

@article{floridi_etica_2006,
	title = {Ética de la información: su naturaleza y alcance},
	copyright = {Derechos de autor 2006 Consejo Superior de Investigaciones Científicas (CSIC)},
	issn = {1988-8376},
	shorttitle = {Ética de la información},
	url = {http://isegoria.revistas.csic.es/index.php/isegoria/article/view/2},
	doi = {10.3989/isegoria.2006.i34.2},
	language = {es},
	number = {34},
	urldate = {2020-11-17},
	journal = {Isegoría},
	author = {Floridi, Luciano},
	month = jun,
	year = {2006},
	note = {Number: 34},
	keywords = {paciente moral},
	pages = {19--46},
	file = {Full Text PDF:/home/chava/Zotero/storage/EJCI53DS/Floridi - 2006 - Ética de la información su naturaleza y alcance.pdf:application/pdf;Snapshot:/home/chava/Zotero/storage/7QFXLCJ5/2.html:text/html}
}

@article{sanchez_principios_2009,
	title = {Principios básicos de bioética},
	volume = {55},
	copyright = {Copyright (c)},
	issn = {2304-5132},
	url = {http://www.spog.org.pe/web/revista/index.php/RPGO/article/view/297},
	doi = {10.31403/rpgo.v55i297},
	abstract = {Antecedentes. Se considera que el concepto de bioética nace en Seattle, a comienzos de los años sesenta, al crearse un comité no médico para decidir quiénes tenían preferencia para hemodiálisis. En 1970, se acuña el término bioética por el oncólogo norteamericano Potter. En 1974, el Congreso de Estados Unidos crea una comisión para elaborar directrices éticas y proteger los derechos de las personas que participaban en estudios de investigación. En 1978, aparece el Informe Belmont, uno de los primeros documentos escritos sobre bioética, en el que se reconocía la autonomía, la práctica profesional beneficente y la justicia. En 1979, Beauchamp y Childress introducen el concepto de no maleficencia. Principios de la bioética. Principio de autonomía: es la obligación de respetar los valores y opciones personales de cada individuo en aquellas decisiones básicas que le atañen. Principio de beneficencia: es la obligación de hacer el bien. Principio de no maleficencia: es el respeto de la integridad del ser humano, lo que se hace cada vez más relevante ante los avances técnico-científicos. Principio de justicia: es el reparto equitativo de cargas y beneficios en el ámbito del bienestar vital, evitando la discriminación en el acceso a los recursos sanitarios. Papel de los ginecólogos y obstetras. Procurar el acceso equitativo a los servicios de salud de la mujer, independientemente de edad, raza, estado civil, socioeconómico o religioso, reconociendo que los derechos sexuales y reproductivos hacen parte integral de los derechos humanos.},
	language = {es},
	number = {4},
	urldate = {2021-04-29},
	journal = {Revista Peruana de Ginecología y Obstetricia},
	author = {Sánchez, Pío Gómez},
	year = {2009},
	note = {Number: 4},
	pages = {230--233},
	file = {Full Text PDF:/home/chava/Zotero/storage/G9GP8ICK/Sánchez - 2009 - Principios básicos de bioética.pdf:application/pdf;Snapshot:/home/chava/Zotero/storage/FAK246PH/297.html:text/html}
}

@article{amaro_cano_principios_1996,
	title = {Principios básicos de la bioética},
	volume = {12},
	issn = {0864-0319},
	url = {http://scielo.sld.cu/scielo.php?script=sci_abstract&pid=S0864-03191996000100006&lng=es&nrm=iso&tlng=en},
	number = {1},
	urldate = {2021-04-29},
	journal = {Revista Cubana de Enfermería},
	author = {Amaro Cano, María del Carmen and Marrero Lemus, Angela and Luisa Valencia, María and Blanca Casas, Siara and Moynelo, Haymara},
	month = dec,
	year = {1996},
	note = {Publisher: 1999, Editorial Ciencias Médicas},
	pages = {11--12},
	file = {Snapshot:/home/chava/Zotero/storage/TVVQ44K5/scielo.html:text/html}
}

@article{plata_lopez_normativa_2011,
	title = {La normativa colombiana sobre propiedad intelectual: un análisis de la política pública en ciencia, tecnología e innovación a partir del desarrollo ecónomico},
	copyright = {Copyright (c) 2014 Opinión Jurídica},
	shorttitle = {La normativa colombiana sobre propiedad intelectual},
	url = {http://repository.udem.edu.co/handle/11407/659},
	abstract = {El objetivo de este trabajo es mostrar el marco teórico que relaciona de forma general el concepto de política pública, en particular la relación de esta en ciencia tecnología e innovación, con el desarrollo económico y los sistemas de protección a la propiedad intelectual. Se analiza desde la perspectiva de los países en vías de desarrollo, específicamente Colombia, y se concluye que un sistema uniforme de propiedad intelectual no es el más adecuado, ya que hay una disconformidad entre la teoría analizada y los rumbos marcados por una política pública, que sólo hasta 2009 reconoce la importancia de la propiedad intelectual, dentro de un marco normativo anacrónico con los objetivos de dicha política.},
	language = {spa},
	urldate = {2021-04-29},
	journal = {Opinión Jurídica; Vol. 10, núm. 20 (2011)},
	author = {Plata López, Luis Carlos and Cabrera Peña, Karen Isabel},
	month = dec,
	year = {2011},
	note = {Accepted: 2014-10-22T22:56:22Z
Publisher: Universidad de Medellín},
	file = {Full Text PDF:/home/chava/Zotero/storage/ZBWFVFGV/Plata López y Cabrera Peña - 2011 - La normativa colombiana sobre propiedad intelectua.pdf:application/pdf;Snapshot:/home/chava/Zotero/storage/ICRAWSYI/659.html:text/html}
}
